%% This BibTeX bibliography file was created using BibDesk.
%% http://bibdesk.sourceforge.net/

%% Created for Navid Constantinou at 2016-05-14 08:08:51 -0700 


%% Saved with string encoding Unicode (UTF-8) 


@string{aj = {Astrophys. J.}}

@string{amb = {Adv. Mar. Biol.}}

@string{ao = {Atmosphere-Ocean}}

@string{arfm = {Ann. Rev. Fluid Mech.}}

@string{bams = {Bull. Amer. Meteor. Soc.}}

@string{blm = {Bound.-Lay. Meteorol.}}

@string{cd = {Clim. Dyn.}}

@string{chaos = {Chaos}}

@string{cmp = {Commun. Math. Phys.}}

@string{dao = {Dyn. Atmos. Oceans}}

@string{dsr = {Deep Sea Res.}}

@string{eos = {EOS, Trans., Amer. Geophys. Union}}

@string{epsl = {Earth Planet. Sci. Lett.}}

@string{gafd = {Geophys. Astrophys. Fluid Dyn.}}

@string{gbc = {Global Biogeochem. Cycles}}

@string{gca = {Geochim. Cosmochim. Acta}}

@string{grl = {Geophys. Res. Lett.}}

@string{ijc = {Int. J. Control}}

@string{ijnmf = {Int. J. Num. Meth. Fluids}}

@string{inprep = {in preparation}}

@string{inpress = {in press}}

@string{itac = {IEEE Trans. Autom. Control}}

@string{jam = {J. Appl. Meteor.}}

@string{jaot = {J. Atmos. Ocean Tech.}}

@string{jas = {J. Atmos. Sci.}}

@string{jcp = {J. Comp. Phys.}}

@string{jfm = {J. Fluid Mech.}}

@string{jglac = {J. Glaciol.}}

@string{jgr = {J. Geophys. Res.}}

@string{jmr = {J. Mar. Res.}}

@string{jms = {J. Mar. Sys.}}

@string{jmsj = {J. Met. Soc. Jap.}}

@string{joc = {J. Climate}}

@string{jpo = {J. Phys. Oceanogr.}}

@string{jpr = {J. Plankton. Res.}}

@string{jpy = {J. Phycol.}}

@string{jsp = {J. Stat. Phys.}}

@string{lo = {Limnol. Oceanog.}}

@string{mc = {Mar. Chem.}}

@string{meps = {Mar. Ecol.-Prog. Ser.}}

@string{mwr = {Mon. Weath. Rev.}}

@string{nat = {Nature}}

@string{nature = {Nature}}

@string{oc = {Oceanography}}

@string{ocac = {Oceanologica Acta}}

@string{pag = {Pure Appl. Geophys.}}

@string{paleo = {Paleoceanography}}

@string{pcps = {Proc. Camb. Philos. Soc.}}

@string{pf = {Phys. Fluids}}

@string{pieee = {Proc. 40th IEEE Conf. on Decision and Control}}

@string{pl = {Phys. Lett.}}

@string{plms = {Proc. Lond. Math. Soc.}}

@string{pnas = {Proc. Natl. Acad. Sci. U.S.A.}}

@string{po = {Prog. Oceanogr.}}

@string{ppl = {Phy. Plasmas}}

@string{ppp = {Paleonogr. Paleoclim. Paleoecol.}}

@string{pre = {Phys. Rev. E}}

@string{prl = {Phys. Rev. Lett.}}

@string{prs = {P. R. Soc. Lond., Ser. A}}

@string{ptrsla = {Philos. T. R. Soc. Lond. A}}

@string{ptrslb = {Philos. T. R. Soc. Lond. B}}

@string{qjm = {Quart. J. Math.}}

@string{qjrms = {Q. J. Roy. Meteor. Soc.}}

@string{qr = {Quat. Res.}}

@string{qsr = {Quat. Sci. Rev.}}

@string{rg = {Rev. Geophys.}}

@string{rpp = {Rep. Prog. Phys.}}

@string{sci = {Science}}

@string{tcfd = {Theor. Comput. Fluid Dyn.}}

@string{tel = {Tellus}}

@string{tmms = {Trans. Mosc. Math. Soc.}}


@article{Cox-Matthews-2002,
	Author = {Cox, S. M. and Matthews, P. C.},
	Date-Added = {2015-10-13 21:53:27 +0000},
	Date-Modified = {2015-10-13 21:54:58 +0000},
	Doi = {10.1006/jcph.2002.6995},
	Journal = {J. Comput. Phys.},
	Number = {2},
	Pages = {430-455},
	Title = {Exponential Time Differencing for Stiff Systems},
	Volume = {176},
	Year = {2002},
	Bdsk-Url-1 = {http://dx.doi.org/10.1006/jcph.2002.6995}}

@article{Kassam-Trefethen-2005,
	Author = {Kassam, A.-K. and Trefethen, L. N.},
	Date-Added = {2015-10-13 22:08:14 +0000},
	Date-Modified = {2015-10-13 22:09:44 +0000},
	Doi = {10.1137/S1064827502410633},
	Journal = {SIAM J. Sci. Comput.},
	Number = {4},
	Pages = {1214-1233},
	Title = {Fourth-order time-stepping for stiff {PDEs}},
	Volume = {26},
	Year = {2005},
	Bdsk-Url-1 = {http://dx.doi.org/10.1137/S1064827502410633}}
